@misc{
    gplv3,
    author       = {Free Software Foundation},
    title        = {{GNU} {G}eneral {P}ublic {L}icense},
    version      = {3},
    howpublished = {\url{http://www.gnu.org/licenses/gpl.html}},
    shorthand    = {GPL},
}

@online{
    ceafa,
    author       = "CEAFA",
    title        = "El Alzheimer: la enfermedad",
    howpublished = {\url{https://www.ceafa.es/es/el-alzheimer/la-enfermedad-alzheimer}},
}

@online{
    uoc,
    author       = "Jesús Méndez",
    title        = "La inteligencia artificial ayuda a diagnosticar el deterioro cognitivo leve que progresará hacia el Alzheimer",
    note         = { Available: \url{https://www.uoc.edu/portal/es/news/actualitat/2022/098-alzheimer-IA.html}},
    journal     = "Universitat Oberta de Catalunya",
    year        = "2022",
}

@online{
    gds,
    author       = "Circunvalación del hipocampo",
    title        = "Escala de deterioro global (GDS)",
    howpublished = {\url{https://www.hipocampo.org/reisberg.asp}}
}

@online{
    cdr,
    author       = "Circunvalación del hipocampo",
    title        = "Clinical Dementia Rating (CDR) de Hughes",
    howpublished = {\url{https://www.hipocampo.org/hughes.asp}}
}

@online{
    alz-org-etapas,
    author       = "Alzheimer’s Association",
    title        = "Etapas",
    howpublished = {\url{https://www.alz.org/alzheimer-demencia/etapas}}
}

@online{
    alz-org-enfermedad,
    author       = "Alzheimer’s Association",
    title        = "¿Qué es el Alzheimer?",
    howpublished = {\url{https://www.alz.org/alzheimer-demencia/que-es-la-enfermedad-de-alzheimer}}
}

@article{
    mayo-clinic-alz-precoz,
    author      = "Personal de Mayo Clinic",
    title       = "Enfermedad de Alzheimer precoz: cuando los síntomas aparecen antes de los 65 años",
    note        = { Available: \url{https://www.mayoclinic.org/es-es/diseases-conditions/alzheimers-disease/in-depth/alzheimers/art-20048356}},
    journal     = "Mayo Clinic",
    year        = "2022",
}

@online{
    fund-pasqual-maragall-afectacion-cerebral,
    author       = "Fundación Pasqual Maragall",
    title        = "¿A qué áreas del cerebro afecta la enfermedad de Alzheimer?",
    howpublished = {\url{https://blog.fpmaragall.org/areas-del-cerebro}}
}

@online{
    img-cambios-cerebrales,
    author       = "National Institutes of Health",
    title        = "What Happens to the Brain in Alzheimer's Disease?",
    howpublished = {\url{https://www.nia.nih.gov/health/what-happens-brain-alzheimers-disease}}
}

@article{
    nature,
    author      = "Liam Drew",
    title       = "An age-old story of dementia",
    note        = { Available: \url{https://www.nature.com/articles/d41586-018-05718-5}},
    journal     = "nature",
    year        = "2018",
}

@article{
    mayo-clinic-diagnostico,
    author      = "Personal de Mayo Clinic",
    title       = "Diagnosticar enfermedad de Alzheimer: cómo se diagnostica la enfermedad de Alzheimer",
    note        = { Available: \url{https://www.mayoclinic.org/es-es/diseases-conditions/alzheimers-disease/in-depth/alzheimers/art-20048075}},
    journal     = "Mayo Clinic",
    year        = "2022",
}

@online{
    alz-org-diagnostico,
    author       = "Alzheimer’s Association",
    title        = "Diagnóstico",
    howpublished = {\url{https://www.alz.org/alzheimer-demencia/diagnostico}}
}

@article{
    img-mri-tac-pet,
    author       = "Fundación Pasqual Maragall",
    title        = "Diagnóstico del Alzheimer: diferencias entre una resonancia, un PET y un TAC cerebral",
    note        = { Available: \url{https://blog.fpmaragall.org/cuales-son-las-diferencias-entre-una-resonancia-un-pet-y-un-tac-cerebral}},
    journal     = "Fundación Pasqual Maragall",
    year        = "2021",
}

@article{
    literature-review,
    author       = "Mr Amir Ebrahimighahnavieh, Suhuai Luo, Raymond Chiong",
    title        = "Deep learning to detect Alzheimer’s disease from neuroimaging: A systematic literature review",
    journal     = "Computer Methods and Programs in Biomedicine",
    year        = "2020",
}

@article{
    mayo-clinic-mri,
    author      = "Personal de Mayo Clinic",
    title       = "Resonancia magnética",
    note        = { Available: \url{https://www.mayoclinic.org/es-es/tests-procedures/mri/about/pac-20384768}},
    journal     = "Mayo Clinic",
    year        = "2021",
}

@online{
    img-adni-mri,
    author       = "Alzheimer’s Disease Neuroimaging Initiative",
    title        = "DATA TYPES",
    howpublished = {\url{https://adni.loni.usc.edu/data-samples/data-types/}}
}

@online{
    img-planos-cerebrales,
    author       = "Casey Henley",
    title        = "Anatomical Planes",
    howpublished = {\url{https://openbooks.lib.msu.edu/neuroscience/chapter/anatomical-terminology/}}
}

@online{
    img-mri-planos-cerebrales,
    author       = "Kalina Drenska",
    title        = "Normal MRI of the brain in axial, sagittal and coronal planes",
    howpublished = {\url{https://www.researchgate.net/figure/Normal-MRI-of-the-brain-in-axial-sagittal-and-coronal-planes_fig1_328006619}}
}

@online{
    keras-applications,
    author       = "Keras",
    title        = "Keras Applications",
    howpublished = {\url{https://keras.io/api/applications/}}
}

@online{
    efficientnets,
    author       = "Tensorflow",
    title        = "EfficientNets",
    howpublished = {\url{https://github.com/tensorflow/tpu/tree/master/models/official/efficientnet}}
}

@online{
    efficientnets-models,
    author       = "Tensorflow",
    title        = "About EfficientNet Models",
    howpublished = {\url{https://github.com/tensorflow/tpu/tree/master/models/official/efficientnet}}
}

@article{
    efficientnetb7-model-architecture,
    author      = "Muhammad Ibrahim Khalil Samabia Tehsin Mamoona Humayun N.Z Jhanjhi and Mohammed A. AlZain",
    title       = "Multi-Scale Network for Thoracic Organs Segmentation",
    journal     = "Tech Science Press",
    year        = "2021",
}